
@misc{omnetpp,
	title = {Orodje OMNeT++},
	author = {Web source},
	howpublished = "\url{http://www.omnetpp.org/}"
}

@misc{cisco,
	title = {Cisco Routers Documentation},
	author = {Web source},
	howpublished = "\url{http://www.cisco.com/}"
}


@article{mro:mraz,
    title={Modeliranje računalniških omrežiji},
    author={Mraz, Miha},
    year={2024}
}

@book{Vidmar2002,
	title = {Informacijsko-komunikacijski sistem},
	author = {Tone Vidmar},
	publisher = {Pasadena},
	year = {2002}
}

