@misc{networking_A_Z,
	title = {Networking A to Z},
	author = {Muller, Nathan J.},
	howpublished = "\url{https://books.google.si/books?id=0qv4KbasX7wC&q=bluetooth&pg=PA45&redir_esc=y#v=snippet&q=bluetooth&f=false}"
}

@misc{bluetooth_com,
	title = {Proximity and RSSI},
	author = {Bluetooth},
	howpublished = "\url{https://www.bluetooth.com/blog/proximity-and-rssi/}"
}

@misc{bluetoothle_rssi,
	title = {RSSI},
	author = {bluetoothle},
	howpublished = "\url{https://bluetoothle.wiki/rssi}"
}

@misc {sony_wh_xb910n,
	title = {Sony WH-XB910N Wireless Noise Cancelling Headphones},
	author = {Sony},
	howpublished = "\url{https://helpguide.sony.net/mdr/whxb910n/v1/en/contents/TP1000442871.html}"
}